<record><leader>00000cas a22000007a 4500</leader><controlfield tag="001">11855148</controlfield><controlfield tag="008">850327d18461846nyuwr ne      0    0eng d</controlfield><datafield ind1=" " ind2=" " tag="010"><subfield code="a">sn 85025687 </subfield></datafield><datafield ind1=" " ind2=" " tag="040"><subfield code="a">NPX</subfield><subfield code="b">eng</subfield><subfield code="c">NPX</subfield><subfield code="d">OCLCQ</subfield></datafield><datafield ind1="0" ind2=" " tag="130"><subfield code="a">Nineteenth century (Port Chester, N.Y.)</subfield></datafield><datafield ind1="1" ind2="4" tag="245"><subfield code="a">The nineteenth century.</subfield></datafield><datafield ind1="1" ind2="3" tag="246"><subfield code="a">XIXth century</subfield></datafield><datafield ind1=" " ind2=" " tag="260"><subfield code="a">Portchester, N.Y. :</subfield><subfield code="b">Th :</subfield><subfield code="b">Jefferson Sutherland</subfield></datafield><datafield ind1=" " ind2=" " tag="300"><subfield code="a">v.</subfield></datafield><datafield ind1=" " ind2=" " tag="310"><subfield code="a">Weekly</subfield></datafield><datafield ind1="1" ind2=" " tag="362"><subfield code="a">Began with Apr. 2, 1846 issue; ceased in 1846.</subfield><subfield code="z">Cf. Hufeland, 0. Check list of books ... relating to the Counties of Westchester and Bronx.</subfield></datafield><datafield ind1=" " ind2=" " tag="588"><subfield code="a">Description based on: Vol. 1, no. 34 (Nov. 11, 1846).</subfield></datafield><datafield ind1=" " ind2=" " tag="752"><subfield code="a">United States</subfield><subfield code="b">New York</subfield><subfield code="c">Westchester</subfield><subfield code="d">Port Chester.</subfield></datafield></record>